<record><leader>00000cas a22000007a 4500</leader><controlfield tag="001">12986856</controlfield><controlfield tag="008">860107d18641864txuuu ne      0    0eng d</controlfield><datafield ind1=" " ind2=" " tag="010"><subfield code="a">sn 86079005 </subfield></datafield><datafield ind1=" " ind2=" " tag="040"><subfield code="a">NPU</subfield><subfield code="b">eng</subfield><subfield code="c">NPU</subfield><subfield code="d">NPH</subfield><subfield code="d">YOX</subfield><subfield code="d">KRTAS</subfield><subfield code="d">YUS</subfield><subfield code="d">OCLCQ</subfield><subfield code="d">OCLCO</subfield></datafield><datafield ind1=" " ind2=" " tag="042"><subfield code="a">msc</subfield></datafield><datafield ind1=" " ind2=" " tag="043"><subfield code="a">n-us---</subfield></datafield><datafield ind1=" " ind2="4" tag="050"><subfield code="a">E612.T9</subfield><subfield code="b">O7</subfield></datafield><datafield ind1="0" ind2=" " tag="130"><subfield code="a">Old flag (Tyler, Tex. : 1864)</subfield></datafield><datafield ind1="1" ind2="4" tag="245"><subfield code="a">The old flag.</subfield></datafield><datafield ind1="1" ind2="3" tag="246"><subfield code="a">Flag</subfield></datafield><datafield ind1=" " ind2=" " tag="260"><subfield code="a">Camp Ford, Tyler, Smith Co., Tex. :</subfield><subfield code="b">W.H.M.,</subfield><subfield code="c">1864-</subfield></datafield><datafield ind1=" " ind2=" " tag="300"><subfield code="a">v. ;</subfield><subfield code="c">30 cm.</subfield></datafield><datafield ind1="0" ind2=" " tag="362"><subfield code="a">Vol. 1, no. 1 (Feb. 17, 1864)-</subfield></datafield><datafield ind1="1" ind2=" " tag="362"><subfield code="a">Ceased Mar. 13, 1864?</subfield><subfield code="z">Cf. Gregory, W. Amer. newspapers.</subfield></datafield><datafield ind1=" " ind2=" " tag="500"><subfield code="a">"A war paper printed by hand at Camp Ford," Tyler, Tex., by Union prisoners.</subfield></datafield><datafield ind1=" " ind2=" " tag="500"><subfield code="a">Place of pub. called Ford City on v. 1, no. 3 (Mar. 13, 1864)--issue.</subfield></datafield><datafield ind1=" " ind2=" " tag="515"><subfield code="a">Vol. 1, no. 3 (Mar. 15, 1864) issue misdated Mar. 13 on masthead.</subfield></datafield><datafield ind1=" " ind2="0" tag="651"><subfield code="a">Camp Ford Prison.</subfield></datafield><datafield ind1=" " ind2="0" tag="651"><subfield code="a">United States</subfield><subfield code="x">History</subfield><subfield code="y">Civil War, 1861-1865</subfield><subfield code="x">Prisoners and prisons.</subfield></datafield><datafield ind1=" " ind2=" " tag="752"><subfield code="a">United States</subfield><subfield code="b">Texas</subfield><subfield code="c">Smith</subfield><subfield code="d">Tyler.</subfield></datafield><datafield ind1=" " ind2=" " tag="938"><subfield code="a">Kirtas Technologies, Inc.</subfield><subfield code="b">KRTS</subfield><subfield code="n">739508</subfield></datafield></record>